@misc{samsungs23ultra,
  author       = {GSMArena},
  title        = {Samsung Galaxy S23 Ultra Specifications},
  year         = {2025},
  url          = {https://www.gsmarena.com/samsung_galaxy_s23_ultra-12024.php},
  note         = {[Online; accessed 08-May-2025]}
}

@misc{googleEarthApp,
  author       = {{Google Play Store}},
  title        = {Google Earth on Google Play Store},
  year         = {2025},
  url          = {https://play.google.com/store/apps/details?id=com.google.earth},
  note         = {[Online; accessed 08-May-2025]}
}

@misc{gpsTestApp,
  author       = {{Google Play Store}},
  title        = {GPSTest on Google Play Store},
  year         = {2025},
  url          = {https://play.google.com/store/apps/details?id=com.android.gpstest},
  note         = {[Online; accessed 08-May-2025]}
}

@misc{gnssLoggerApp,
  author       = {{Google Play Store}},
  title        = {GNSSLogger on Google Play Store},
  year         = {2025},
  url          = {https://play.google.com/store/apps/details?id=com.google.android.apps.location.gps.gnsslogger},
  note         = {[Online; accessed 08-May-2025]}
}

@misc{matlab,
  author       = {{MathWorks, Inc.}},
  title        = {MATLAB},
  year         = {2025},
  url          = {https://it.mathworks.com/products/matlab.html},
  note         = {[Online; accessed 08-May-2025]}
}

@misc{gpsMeasurementToolsCodebase,
  author       = {{Google Developers}},
  title        = {gps-measurement-tools Codebase on GitHub},
  year         = {2025},
  url          = {https://github.com/google/gps-measurement-tools},
  note         = {[Online; accessed 08-May-2025]}
}

@misc{navSAS,
  author       = {{NavSAS Research Group}},
  title        = {NavSAS Research Group},
  year         = {2025},
  url          = {https://navsas.polito.it/},
  note         = {[Online; accessed 08-May-2025]}
}

@misc{skyplotsNotebook,
  author       = {{MathWorks, Inc.}},
  title        = {Location-Based Analysis of Visible GPS Satellites — Example Notebook},
  year         = {2025},
  url          = {https://it.mathworks.com/help/satcom/ug/location-based-analysis-of-visible-gps-satellites.html},
  note         = {[Online; accessed 08-May-2025]}
}

@misc{geoidHeightCalculator,
  author       = {Charles Karney},
  title        = {Online Geoid Height Calculator},
  year         = {2025},
  url          = {https://geographiclib.sourceforge.io/cgi-bin/GeoidEval},
  note         = {[Online; accessed 08-May-2025]}
}

@misc{googleEarthModel,
  author       = {{StackExchange users}},
  title        = {Google Earth Model Source},
  year         = {2025},
  url          = {https://gis.stackexchange.com/questions/20259/what-datum-reference-ellipsoid-does-google-earth-use#:~:text=The%20heights%20on%20google%20earth,to%20the%20WGS%2084%20ellipsoid},
  note         = {[Online; accessed 08-May-2025]}
}

@misc{googleEarthModel2,
  author       = {{Google Developers}},
  title        = {Google Earth Model Source (Google Groups)},
  year         = {2025},
  url          = {https://groups.google.com/forum/?fromgroups=#!msg/kml-support-advanced/SL82unzyOfc/yuGWIpHa8rcJ},
  note         = {[Online; accessed 08-May-2025]}
}

@misc{esriGeoidArticle,
  author       = {{Esri}},
  title        = {Mean Sea Level, GPS, and the Geoid},
  year         = {2025},
  url          = {https://www.esri.com/about/newsroom/arcuser/mean-sea-level-gps-geoid#:~:text=The%20accuracy%20of%20GPS%20height,two%20hardly%20ever%20match%20spatially},
  note         = {[Online; accessed 08-May-2025]}
}

@misc{advancedNavGeodeticCoord,
  author       = {{Advanced Navigation}},
  title        = {Geodetic Coordinate System — GNSS Compass Documentation},
  year         = {2025},
  url          = {https://docs.advancednavigation.com/gnss-compass/GeodeticCoordSystem.htm},
  note         = {[Online; accessed 08-May-2025]}
}

@misc{wikipediaWLS,
  author       = {{Wikipedia contributors}},
  title        = {Weighted Least Squares -- Wikipedia{,} The Free Encyclopedia},
  year         = {2025},
  url          = {https://en.wikipedia.org/wiki/Weighted_least_squares},
  note         = {[Online; accessed 08-May-2025]}
}

@article{kaminskis2008quasigeoid,
  author  = {Jānis Kaminskis and Marita Koroļeva and Guntars Vaivads and Rūsiņš Cēbers and Aleksandrs Jirgensons},
  title   = {Determination of Quasi-geoid as Height Component of the Geodetic Infrastructure for GNSS-Positioning Services in the Baltic States},
  journal = {Geodesy and Cartography},
  volume  = {34},
  number  = {4},
  pages   = {123--130},
  year    = {2008},
  url     = {https://www.researchgate.net/publication/233968093_Determination_of_Quasi-geoid_as_Height_Component_of_the_Geodetic_Infrastructure_for_GNSS-Positioning_Services_in_the_Baltic_States},
  note    = {[Online; accessed 08-May-2025]}
}

@article{ranamukhaarachchi2016micromechanical,
  author  = {S. A. Ranamukhaarachchi and S. Lehnert and S. L. Ranamukhaarachchi and L. Sprenger and T. Schneider and I. Mansoor and K. Rai and U. O. Häfeli and B. Stoeber},
  title   = {A micromechanical comparison of human and porcine skin before and after preservation by freezing for medical device development},
  journal = {Scientific Reports},
  volume  = {6},
  pages   = {32074},
  year    = {2016},
  doi     = {10.1038/srep32074},
  url     = {https://www.nature.com/articles/srep32074},
  note    = {[Online; accessed 08-May-2025]}
}

@BOOK{Enge2010-uj,
  title     = "Global positioning system",
  author    = "Enge, Per and Misra, Pratap",
  publisher = "Ganga-Jamuna Press",
  month     =  dec,
  year      =  2010
}

@misc{eosElevation2025,
    author       = "{Eos Positioning Systems}",
    title        = "{Elevation for Beginners: Orthometric Height, Ellipsoid Height, and Geoid Height}",
    howpublished = "\url{https://eos-gnss.com/knowledge-base/articles/elevation-for-beginners/}",
    note         = "[Online; accessed 12-May-2025]",
    year         = 2025
}

@misc{psuDopplerShift2025,
  author       = "{Department of Geography, Pennsylvania State University}",
  title        = "{Doppler Shift — GEOG 862: GPS and GNSS for Geospatial Professionals}",
  howpublished = "\url{https://www.e-education.psu.edu/geog862/node/1786}",
  note         = "[Online; accessed 12-May-2025]",
  year         = 2025
}
